<record><leader>00000cas a22000007a 4500</leader><controlfield tag="001">12100600</controlfield><controlfield tag="008">850531c18919999wiuwr ne      0   a0eng d</controlfield><datafield ind1=" " ind2=" " tag="010"><subfield code="a">sn 85040656 </subfield></datafield><datafield ind1=" " ind2=" " tag="040"><subfield code="a">NPV</subfield><subfield code="b">eng</subfield><subfield code="c">NPV</subfield><subfield code="d">NSD</subfield><subfield code="d">OCLCQ</subfield></datafield><datafield ind1=" " ind2=" " tag="012"><subfield code="m">1</subfield></datafield><datafield ind1="1" ind2=" " tag="022"><subfield code="a">0886-8360</subfield><subfield code="l">0886-8360</subfield><subfield code="2">1</subfield></datafield><datafield ind1=" " ind2=" " tag="032"><subfield code="a">268440</subfield><subfield code="b">USPS</subfield></datafield><datafield ind1=" " ind2=" " tag="037"><subfield code="b">The Iola Herald, P.O. Box 235, Iola, WI 54945</subfield></datafield><datafield ind1=" " ind2=" " tag="042"><subfield code="a">msc</subfield><subfield code="a">nsdp</subfield></datafield><datafield ind1=" " ind2=" " tag="045"><subfield code="a">w9--</subfield></datafield><datafield ind1=" " ind2=" " tag="052"><subfield code="a">4123</subfield><subfield code="b">W6</subfield></datafield><datafield ind1=" " ind2="4" tag="222"><subfield code="a">The Iola herald</subfield></datafield><datafield ind1="0" ind2="4" tag="245"><subfield code="a">The Iola herald.</subfield></datafield><datafield ind1=" " ind2=" " tag="260"><subfield code="a">Iola, Wis. :</subfield><subfield code="b">Herald Pub.</subfield></datafield><datafield ind1=" " ind2=" " tag="300"><subfield code="a">v. :</subfield><subfield code="b">ill.</subfield></datafield><datafield ind1=" " ind2=" " tag="310"><subfield code="a">Weekly</subfield></datafield><datafield ind1="1" ind2=" " tag="362"><subfield code="a">Began in Nov. 1891.</subfield><subfield code="z">Cf. Oehlerts, d. E. Guide to Wis. newspapers.</subfield></datafield><datafield ind1=" " ind2=" " tag="500"><subfield code="a">Publisher varies: Little Wolf Pub. Corp., &lt;Dec. 19, 1985-&gt;</subfield></datafield><datafield ind1=" " ind2=" " tag="500"><subfield code="a">Editor: B.L. Bierce, Mar. 1, 1902-Aug. 10, 1916.--H.T. Ravlin, Aug. 29-Oct. 5, 1916.--L.A. Drown, Jan. 8-Dec. 27, 1917.--H.E. Cotton, Mar. 11, 1920-May 12, 1921.--M.M. Keller, Dec. 14, 1922-May 31, 1923.--J. Burnham, June 7, 1934-Jan. 28, 1937.--P.A. Norby, Feb. 4, 1937-June 1, 1939.--J. Burnham, June 29-Sept. 21, 1939.--C.J. Stolt, Sept. 28-Nov. 2, 1939.--R.H. Lauson, Aug. 15, 1940-Jan. 9, 1941.--P.A. Norby, Jan. 16-June 19, 1941.--E.M. Hanson, Nov. 13, 1941-Aug. 20, 1942.--F.E. Cooper, Aug. 27, 1942-Jan. 14, 1965.</subfield></datafield><datafield ind1=" " ind2=" " tag="500"><subfield code="a">Editor (cont.): M. Rosholt, Jan. 21, 1965.--Sept. 29, 1966.--D.E. Hoffman, Oct. 6, 1966-June 8, 1967.--L. Adams, Jan. 6, 1977-June 30, 1977.--J. Bach, July 7, 1977-</subfield></datafield><datafield ind1=" " ind2=" " tag="530"><subfield code="a">Available on microfilm from The State Historical Society of Wisconsin.</subfield></datafield><datafield ind1=" " ind2=" " tag="588"><subfield code="a">Description based on: Vol. 7, no. 34 (July 28, 1898).</subfield></datafield><datafield ind1=" " ind2=" " tag="588"><subfield code="a">Latest issue consulted: Vol. 92, no. 51 (Dec. 19, 1985).</subfield></datafield><datafield ind1=" " ind2=" " tag="752"><subfield code="a">United States</subfield><subfield code="b">Wisconsin</subfield><subfield code="c">Waupaca</subfield><subfield code="d">Iola.</subfield></datafield><datafield ind1="1" ind2=" " tag="029"><subfield code="a">AU@</subfield><subfield code="b">000025803512</subfield></datafield></record>